<?xml version="1.0" encoding="UTF-8"?><collection xmlns="http://www.loc.gov/MARC21/slim"><record><leader>00526nam--2200181-i-4500</leader><controlfield tag="001">000030143</controlfield><controlfield tag="002">20161230</controlfield><controlfield tag="005">20161230201038</controlfield><controlfield tag="008">060222s1000------------r-----000-0-ger-d</controlfield><datafield ind1=" " ind2=" " tag="040"><subfield code="a">IFIN-HH</subfield></datafield><datafield ind1=" " ind2=" " tag="041"><subfield code="a">ger</subfield></datafield><datafield ind1=" " ind2=" " tag="080"><subfield code="a">539.23(043)</subfield></datafield><datafield ind1="1" ind2=" " tag="100"><subfield code="a">Ludwig, Rudi Horst</subfield></datafield><datafield ind1="1" ind2="0" tag="245"><subfield code="a">Plasmapolymerisation-ein verfahren zur erzeugung dunner schichten</subfield><subfield code="b">Dissertation</subfield><subfield code="c">Rudi horst ludwig</subfield></datafield><datafield ind1=" " ind2=" " tag="260"><subfield code="a">Aachen</subfield><subfield code="b">Rheinisch-westfalischen Technischen</subfield><subfield code="c">1989</subfield></datafield><datafield ind1=" " ind2=" " tag="300"><subfield code="a">127P</subfield></datafield><datafield ind1=" " ind2=" " tag="852"><subfield code="a">79271</subfield><subfield code="c">539.23</subfield></datafield><datafield ind1=" " ind2=" " tag="CAT"><subfield code="a">Sys</subfield><subfield code="c">20121219</subfield><subfield code="h">151309</subfield></datafield></record></collection>